%% This BibTeX bibliography file was created using BibDesk.
%% http://bibdesk.sourceforge.net/


%% Created for Wesley at 2012-04-13 19:02:59 -0500 


%% Saved with string encoding Unicode (UTF-8) 



@article{hanlon:2012,
	Author = {Bret Hanlon and Anand N. Vidyashankar},
	Date-Added = {2012-04-14 00:00:31 +0000},
	Date-Modified = {2012-04-14 00:02:58 +0000},
	Journal = {Journal of the American Statistical Association},
	Title = {Inference for quantitation parameters in polymerase chain reactions via branching processes with random effects},
	Year = {2012},
	Bdsk-File-1 = {YnBsaXN0MDDUAQIDBAUIJidUJHRvcFgkb2JqZWN0c1gkdmVyc2lvblkkYXJjaGl2ZXLRBgdUcm9vdIABqAkKFRYXGyIjVSRudWxs0wsMDQ4RFFpOUy5vYmplY3RzV05TLmtleXNWJGNsYXNzog8QgASABqISE4ACgAOAB1lhbGlhc0RhdGFccmVsYXRpdmVQYXRo0hgNGRpXTlMuZGF0YU8RAZoAAAAAAZoAAgAACHNrdWxsIEhEAAAAAAAAAAAAAAAAAAAAAAAAAMromhVIKwAAAJHnwA5oYW5sb24yMDEyLnBkZgAAAAAAAAAAAAAAAAAAAAAAAAAAAAAAAAAAAAAAAAAAAAAAAAAAAAAAAAAAAAAAAAAAkeqyy64oxQAAAAAAAAAAAAEAAwAACSAAAAAAAAAAAAAAAAAAAAAEcGRmcwAQAAgAAMro7nUAAAARAAgAAMuubxUAAAABABgAkefAAJHnvACR57sADPIpAAvjQgAL4TMAAgBDc2t1bGwgSEQ6VXNlcnM6AHdlc2xleToAZ2l0OgBxcGNyOgByZWZlcmVuY2VzOgBwZGZzOgBoYW5sb24yMDEyLnBkZgAADgAeAA4AaABhAG4AbABvAG4AMgAwADEAMgAuAHAAZABmAA8AEgAIAHMAawB1AGwAbAAgAEgARAASADRVc2Vycy93ZXNsZXkvZ2l0L3FwY3IvcmVmZXJlbmNlcy9wZGZzL2hhbmxvbjIwMTIucGRmABMAAS8AABUAAgAN//8AAIAF0hwdHh9YJGNsYXNzZXNaJGNsYXNzbmFtZaMfICFdTlNNdXRhYmxlRGF0YVZOU0RhdGFYTlNPYmplY3RfEBNwZGZzL2hhbmxvbjIwMTIucGRm0hwdJCWiJSFcTlNEaWN0aW9uYXJ5EgABhqBfEA9OU0tleWVkQXJjaGl2ZXIACAARABYAHwAoADIANQA6ADwARQBLAFIAXQBlAGwAbwBxAHMAdgB4AHoAfACGAJMAmACgAj4CQAJFAk4CWQJdAmsCcgJ7ApEClgKZAqYCqwAAAAAAAAIBAAAAAAAAACgAAAAAAAAAAAAAAAAAAAK9}}

@article{norway:2010,
	Author = {Turid Follestad, and Tommy S. J{\o}rstad and Sten E. Erlandsen and Arne K. Sandvik and Atle M. Bones and Mette Langaas rstad},
	Date-Added = {2012-04-13 23:58:44 +0000},
	Date-Modified = {2012-04-14 00:00:20 +0000},
	Journal = {Statistical Applications in Genetics and Molecular Biology},
	Number = {1},
	Title = {A Bayesian Hierarchical Model for Quantitative Real-Time PCR Data},
	Volume = {9},
	Year = {2010},
	Bdsk-File-1 = {YnBsaXN0MDDUAQIDBAUIJidUJHRvcFgkb2JqZWN0c1gkdmVyc2lvblkkYXJjaGl2ZXLRBgdUcm9vdIABqAkKFRYXGyIjVSRudWxs0wsMDQ4RFFpOUy5vYmplY3RzV05TLmtleXNWJGNsYXNzog8QgASABqISE4ACgAOAB1lhbGlhc0RhdGFccmVsYXRpdmVQYXRo0hgNGRpXTlMuZGF0YU8RAb4AAAAAAb4AAgAACHNrdWxsIEhEAAAAAAAAAAAAAAAAAAAAAAAAAMromhVIKwAAAJHnwBdzYWdtYi4yMDEwLjkuMS4xNDI3LnBkZgAAAAAAAAAAAAAAAAAAAAAAAAAAAAAAAAAAAAAAAAAAAAAAAAAAAAAAked/y64nRAAAAAAAAAAAAAEAAwAACSAAAAAAAAAAAAAAAAAAAAAEcGRmcwAQAAgAAMro7nUAAAARAAgAAMuubZQAAAABABgAkefAAJHnvACR57sADPIpAAvjQgAL4TMAAgBMc2t1bGwgSEQ6VXNlcnM6AHdlc2xleToAZ2l0OgBxcGNyOgByZWZlcmVuY2VzOgBwZGZzOgBzYWdtYi4yMDEwLjkuMS4xNDI3LnBkZgAOADAAFwBzAGEAZwBtAGIALgAyADAAMQAwAC4AOQAuADEALgAxADQAMgA3AC4AcABkAGYADwASAAgAcwBrAHUAbABsACAASABEABIAPVVzZXJzL3dlc2xleS9naXQvcXBjci9yZWZlcmVuY2VzL3BkZnMvc2FnbWIuMjAxMC45LjEuMTQyNy5wZGYAABMAAS8AABUAAgAN//8AAIAF0hwdHh9YJGNsYXNzZXNaJGNsYXNzbmFtZaMfICFdTlNNdXRhYmxlRGF0YVZOU0RhdGFYTlNPYmplY3RfEBxwZGZzL3NhZ21iLjIwMTAuOS4xLjE0MjcucGRm0hwdJCWiJSFcTlNEaWN0aW9uYXJ5EgABhqBfEA9OU0tleWVkQXJjaGl2ZXIACAARABYAHwAoADIANQA6ADwARQBLAFIAXQBlAGwAbwBxAHMAdgB4AHoAfACGAJMAmACgAmICZAJpAnICfQKBAo8ClgKfAr4CwwLGAtMC2AAAAAAAAAIBAAAAAAAAACgAAAAAAAAAAAAAAAAAAALq}}

@article{lalam:2007,
	Author = {Nadia Lalam},
	Date-Added = {2012-04-13 23:57:20 +0000},
	Date-Modified = {2012-04-13 23:58:06 +0000},
	Journal = {Statistical Applications in Genetics and Molecular Biology},
	Number = {1},
	Title = {Statistical Inference for Quantitative Polymerase Chain Reaction Using a Hidden Markov Model: A Bayesian Approach},
	Volume = {6},
	Year = {2007},
	Bdsk-File-1 = {YnBsaXN0MDDUAQIDBAUIJidUJHRvcFgkb2JqZWN0c1gkdmVyc2lvblkkYXJjaGl2ZXLRBgdUcm9vdIABqAkKFRYXGyIjVSRudWxs0wsMDQ4RFFpOUy5vYmplY3RzV05TLmtleXNWJGNsYXNzog8QgASABqISE4ACgAOAB1lhbGlhc0RhdGFccmVsYXRpdmVQYXRo0hgNGRpXTlMuZGF0YU8RAboAAAAAAboAAgAACHNrdWxsIEhEAAAAAAAAAAAAAAAAAAAAAAAAAMromhVIKwAAAJHnwBZsYWxhbS1iYXlzaWFuLTIwMDcucGRmAAAAAAAAAAAAAAAAAAAAAAAAAAAAAAAAAAAAAAAAAAAAAAAAAAAAAAAAkegly64ncwAAAAAAAAAAAAEAAwAACSAAAAAAAAAAAAAAAAAAAAAEcGRmcwAQAAgAAMro7nUAAAARAAgAAMuubcMAAAABABgAkefAAJHnvACR57sADPIpAAvjQgAL4TMAAgBLc2t1bGwgSEQ6VXNlcnM6AHdlc2xleToAZ2l0OgBxcGNyOgByZWZlcmVuY2VzOgBwZGZzOgBsYWxhbS1iYXlzaWFuLTIwMDcucGRmAAAOAC4AFgBsAGEAbABhAG0ALQBiAGEAeQBzAGkAYQBuAC0AMgAwADAANwAuAHAAZABmAA8AEgAIAHMAawB1AGwAbAAgAEgARAASADxVc2Vycy93ZXNsZXkvZ2l0L3FwY3IvcmVmZXJlbmNlcy9wZGZzL2xhbGFtLWJheXNpYW4tMjAwNy5wZGYAEwABLwAAFQACAA3//wAAgAXSHB0eH1gkY2xhc3Nlc1okY2xhc3NuYW1lox8gIV1OU011dGFibGVEYXRhVk5TRGF0YVhOU09iamVjdF8QG3BkZnMvbGFsYW0tYmF5c2lhbi0yMDA3LnBkZtIcHSQloiUhXE5TRGljdGlvbmFyeRIAAYagXxAPTlNLZXllZEFyY2hpdmVyAAgAEQAWAB8AKAAyADUAOgA8AEUASwBSAF0AZQBsAG8AcQBzAHYAeAB6AHwAhgCTAJgAoAJeAmACZQJuAnkCfQKLApICmwK5Ar4CwQLOAtMAAAAAAAACAQAAAAAAAAAoAAAAAAAAAAAAAAAAAAAC5Q==}}
